<?xml version="1.0" encoding="utf-8"?>
<record xmlns="http://www.loc.gov/MARC21/slim" xmlns:xsi="http://www.w3.org/2001/XMLSchema-instance" xsi:schemaLocation="http://www.loc.gov/MARC21/slim http://www.loc.gov/standards/marcxml/schema/MARC21slim.xsd">
	<leader>     nam a22        4500</leader>
	<controlfield tag="001">b1231173x</controlfield>
	<controlfield tag="003">LeBAU</controlfield>
	<controlfield tag="006">m        d        </controlfield>
	<controlfield tag="007">cr cn |||m|||a</controlfield>
	<controlfield tag="008">160709s1904    ua acf  o     ||0 0 ara d</controlfield>
	<datafield ind1=" " ind2=" " tag="040">
		<subfield code="a">NNU</subfield>
		<subfield code="b">ara</subfield>
		<subfield code="e">rda</subfield>
		<subfield code="c">NNU</subfield>
	</datafield>
	<datafield ind1="1" ind2=" " tag="041">
		<subfield code="a">ara</subfield>
		<subfield code="h">fre</subfield>
	</datafield>
	<datafield ind1=" " ind2=" " tag="043">
		<subfield code="a">a-is---</subfield>
	</datafield>
	<datafield ind1="0" ind2="4" tag="082">
		<subfield code="a">232.9</subfield>
		<subfield code="2">22</subfield>
	</datafield>
	<datafield ind1="1" ind2=" " tag="100">
		<subfield code="6">880-01</subfield>
		<subfield code="a">Rinān, Irnist,</subfield>
		<subfield code="d">1823-1892,</subfield>
		<subfield code="e">author.</subfield>
	</datafield>
	<datafield ind1="1" ind2="0" tag="240">
		<subfield code="a">Vie de Jésus.</subfield>
		<subfield code="l">Arabic</subfield>
	</datafield>
	<datafield ind1="1" ind2="0" tag="245">
		<subfield code="6">880-02</subfield>
		<subfield code="a">Tārīkh al-Masīḥ /</subfield>
		<subfield code="c">ta’līf al-Faylasūf al-Mu’arrikh (Irnist Rinān), alladhī kāna al-ghulāt min al-Iklīrūs yuqāwimūnahu fī ḥayātihi ka-mā yuqāwimūn Tūlstūy al-yawm ; mulakhkhaṣ talkhīṣan... bi-qalam Faraḥ Anṭūn, munshi’ Majallat al-Jāmi‘ah.</subfield>
	</datafield>
	<datafield ind1=" " ind2="1" tag="264">
		<subfield code="6">880-03</subfield>
		<subfield code="a">al-Iskandarīyah :</subfield>
		<subfield code="b">Maṭba‘at &quot;al-Jāmi‘ah&quot;,</subfield>
		<subfield code="c">1904.</subfield>
	</datafield>
	<datafield ind1=" " ind2=" " tag="300">
		<subfield code="6">880-04</subfield>
		<subfield code="a">online resource (1 volume (various pagings)) :</subfield>
		<subfield code="b">illustrations, portraits</subfield>
	</datafield>
	<datafield ind1=" " ind2=" " tag="336">
		<subfield code="a">text</subfield>
		<subfield code="2">rdacontent</subfield>
	</datafield>
	<datafield ind1=" " ind2=" " tag="337">
		<subfield code="a">computer</subfield>
		<subfield code="2">rdamedia</subfield>
	</datafield>
	<datafield ind1=" " ind2=" " tag="338">
		<subfield code="a">online resource</subfield>
		<subfield code="2">rdacarrier</subfield>
	</datafield>
	<datafield ind1=" " ind2=" " tag="500">
		<subfield code="a">&quot;ملخص تلخيصاً يبقي معه موضوع الكتاب ويذهب به ما لا تروق مطالعته وذلك كما فعل رنان في المختصر الذي لخص به كتابه هذا لغرض تاريخي أدبي، أراد به إطلاع عامة القراء على مبادىء يسوع الحقيقية وجمال حياته لا البحث الديني، فضلاً عن تاريخ الوسط الإجتماعي الذي عاش فيه يسوع ووصف البلاد التي نشأ فيها مما لم ينشر قبل اليوم باللغة العربية بقلم فرح أنطون، منشىء مجلة الجامعة&quot;</subfield>
	</datafield>
	<datafield ind1=" " ind2=" " tag="500">
		<subfield code="a">ترجمة كتاب: Vie de Jesus.</subfield>
	</datafield>
	<datafield ind1=" " ind2=" " tag="500">
		<subfield code="a">Part of the Arabic Collections Online (ACO) project, contributed by American University of Beirut's Jafet Memorial Library.</subfield>
	</datafield>
	<datafield ind1=" " ind2=" " tag="504">
		<subfield code="a">يتضمن مراجع ببليوغرافية.</subfield>
	</datafield>
	<datafield ind1=" " ind2=" " tag="533">
		<subfield code="a">Electronic reproduction.</subfield>
		<subfield code="b">New York, N.Y. :</subfield>
		<subfield code="c">New York University,</subfield>
		<subfield code="d">2016.</subfield>
		<subfield code="5">NNU</subfield>
	</datafield>
	<datafield ind1="0" ind2="4" tag="600">
		<subfield code="a">يسوع المسيح</subfield>
		<subfield code="v">تراجم.</subfield>
	</datafield>
	<datafield ind1="0" ind2="0" tag="600">
		<subfield code="a">Jesus Christ</subfield>
		<subfield code="v">Biography.</subfield>
	</datafield>
	<datafield ind1="1" ind2=" " tag="700">
		<subfield code="6">880-05</subfield>
		<subfield code="a">Anṭūn, Faraḥ,</subfield>
		<subfield code="d">1874-1922,</subfield>
		<subfield code="e">Abridger.</subfield>
	</datafield>
	<datafield ind1="2" ind2=" " tag="710">
		<subfield code="a">Jafet Memorial Library.</subfield>
	</datafield>
	<datafield ind1="0" ind2=" " tag="730">
		<subfield code="a">Arabic Collections Online.</subfield>
	</datafield>
	<datafield ind1="0" ind2=" " tag="765">
		<subfield code="6">880-06</subfield>
		<subfield code="i">Translation of (work):</subfield>
		<subfield code="t">Vie de Jesus</subfield>
		<subfield code="w">(OCoLC)03986608</subfield>
		<subfield code="w">(OCoLC)03986608</subfield>
	</datafield>
	<datafield ind1="0" ind2=" " tag="765">
		<subfield code="6">880-07</subfield>
		<subfield code="i">Translation of (work):</subfield>
		<subfield code="t">The life of Jesus</subfield>
		<subfield code="w">(OCoLC)01719058</subfield>
		<subfield code="w">(OCoLC)01719058</subfield>
	</datafield>
	<datafield ind1="0" ind2="8" tag="776">
		<subfield code="i">Print version:</subfield>
		<subfield code="a">Rinān, Irnist, 1823-1892, author.</subfield>
		<subfield code="t">Tārīkh al-Masīḥ</subfield>
		<subfield code="w">(LeBAU)b1231173x</subfield>
	</datafield>
	<datafield ind1="4" ind2="0" tag="856">
		<subfield code="u">http://hdl.handle.net/2333.1/z34tmtbc</subfield>
	</datafield>
	<datafield ind1="1" ind2=" " tag="880">
		<subfield code="6">100-01/(3/r</subfield>
		<subfield code="a">رينان، أرنست،</subfield>
		<subfield code="d">1823-1892،</subfield>
		<subfield code="e">مؤلف. </subfield>
		<subfield code="4">aut.</subfield>
	</datafield>
	<datafield ind1="1" ind2="0" tag="880">
		<subfield code="6">245-02/(3/r</subfield>
		<subfield code="a">تاريخ المسيح /</subfield>
		<subfield code="c">تأليف الفيلسوف المؤرخ (أرنست رنان)، الذي كان الغلاة من الإكليروس يقاومونه في حياته كما يقاومون تولستوي اليوم ؛ ملخص تلخيصاً... بقلم فرح أنطون، منشىء مجلة الجامعة.</subfield>
	</datafield>
	<datafield ind1=" " ind2="1" tag="880">
		<subfield code="6">264-03/(3/r</subfield>
		<subfield code="a">الإسكندرية :</subfield>
		<subfield code="b">مطبعة &quot;الجامعة&quot;،</subfield>
		<subfield code="c">1904.</subfield>
	</datafield>
	<datafield ind1=" " ind2=" " tag="880">
		<subfield code="6">300-04/(3/r</subfield>
		<subfield code="a">1 جزء (متنوع الترقيم) :</subfield>
		<subfield code="b">مصورات، صور شخصانية ؛</subfield>
		<subfield code="c">27 سم</subfield>
	</datafield>
	<datafield ind1="1" ind2=" " tag="880">
		<subfield code="6">700-05/(3/r</subfield>
		<subfield code="a"> انطون، فرح،</subfield>
		<subfield code="d">1874-1922،</subfield>
		<subfield code="e">مختصر. </subfield>
		<subfield code="4">abr.</subfield>
	</datafield>
	<datafield ind1="0" ind2=" " tag="880">
		<subfield code="6">765-06/(3/r</subfield>
		<subfield code="i">ترجمة كتاب (عمل):</subfield>
		<subfield code="t">Vie de Jesus</subfield>
		<subfield code="w">b11891099</subfield>
		<subfield code="w">(OCoLC)03986608</subfield>
	</datafield>
	<datafield ind1="0" ind2=" " tag="880">
		<subfield code="6">765-07/(3/r</subfield>
		<subfield code="i">ترجمة كتاب (عمل):</subfield>
		<subfield code="t">The life of Jesus</subfield>
		<subfield code="w">b12055499</subfield>
		<subfield code="w">(OCoLC)01719058</subfield>
	</datafield>
	<datafield ind1=" " ind2=" " tag="959">
		<subfield code="a">NNU</subfield>
		<subfield code="b">WEB</subfield>
		<subfield code="c">GENI</subfield>
		<subfield code="t">0</subfield>
		<subfield code="m">Electronic access</subfield>
		<subfield code="s">01</subfield>
	</datafield>
	<datafield ind1=" " ind2=" " tag="999">
		<subfield code="i">LeBAU_b1231173x</subfield>
		<subfield code="s">aub_aco000019</subfield>
		<subfield code="s">aub_aco000252</subfield>
		<subfield code="e">(ERROR-880)(ERROR-MISC)</subfield>
	</datafield>
</record>
